@Book{caspar,
	author = {Caspar, Max},
	title = {Kepler},
	publisher = {Dover Publications},
	year = {1993},
	address = {New York},
	isbn = {978-0486676050}
}

@Book{koestler,
	author = {Koestler, Arthur},
	title = {The sleepwalkers : a history of man's changing vision of the Universe},
	publisher = {Arkana},
	year = {1989},
	address = {London New York},
	isbn = {978-0140192469}
}

@article{westman,
	doi = {10.1177/002182860103200304},
	url = {https://doi.org/10.1177/002182860103200304},
	year = {2001},
	month = aug,
	publisher = {{SAGE} Publications},
	volume = {32},
	number = {3},
	pages = {227--236},
	author = {Robert S. Westman},
	title = {Kepler's Early Physical-Astrological Problematic},
	journal = {Journal for the History of Astronomy}
}

@article{barker,
	doi ={10.2307/301981},
	ISSN = {03697827, 19338287},
	URL = {http://www.jstor.org/stable/301981},
	author = {Peter Barker and Bernard R. Goldstein},
	journal = {Osiris},
	pages = {88--113},
	publisher = {[Saint Catherines Press, The University of Chicago Press, The History of Science Society]},
	title = {Theological Foundations of Kepler's Astronomy},
	volume = {16},
	year = {2001}
}

@misc{conjecture,
	title = {Kepler conjecture - Wikipedia},
	howpublished = {\texttt{https://en.wikipedia.org/wiki/Kepler\_conjecture}},
	note = {(Accessed on 06/18/2020)}
}


@article{hales,
	title={A FORMAL PROOF OF THE KEPLER CONJECTURE},
	volume={5},
	DOI={10.1017/fmp.2017.1},
	journal={Forum of Mathematics, Pi},
	publisher={Cambridge University Press},
	author={HALES, THOMAS and ADAMS, MARK and BAUER, GERTRUD and DANG,
	 TAT DAT and HARRISON, JOHN and HOANG, LE TRUONG and KALISZYK,
	 CEZARY and MAGRON, VICTOR and MCLAUGHLIN, SEAN and NGUYEN,
	 TATÂ THANG and et al.},
	year={2017},
	pages={e2}
}

@Book{finger,
	author = {Finger, Stanley},
	title = {Origins of neuroscience : a history of explorations into brain function},
	publisher = {Oxford University Press},
	year = {1994},
	address = {New York},
	isbn = {978-0195146943}
}

@misc{telpic,
	title = {Kepler\_Space\_Telescope\_spacecraft\_model\_2.png (1395x1529)},
	howpublished = {\texttt{https://upload.wikimedia.org/}
		 \texttt{wikipedia/commons/4/45/Kepler\_Space\_Telescope\_spacecraft\_model\_2.png}},
	note = {(Accessed on 06/18/2020)}
}
